2687 3487
1319 356 1355 407 5

264 487 397 544 vires
442 490 631 558 experti
677 497 833 541 erant.
881 488 944 539 cf.
980 507 1023 539 c.
1056 488 1156 540 262
1200 490 1331 558 quod
1376 491 1459 540 ubi
1498 492 1745 560 cognitum
1790 490 1947 552 hosti,
1994 498 2182 540 mutato
2216 498 2416 560 repente

263 576 467 630 oonsilio
519 577 736 624 univer-ei
785 590 965 622 nonum
1017 574 1255 642 leqioncm
1308 583 1361 625 ut
1412 577 1621 624 maxime
1666 575 1940 625 invalidam
1993 582 2130 625 nocte
2180 578 2415 644 adqrcui.

264 669 505 729 repugnat
537 677 657 727 ergo
694 657 960 708 verborum
996 657 1270 707 intellectui
1304 659 1490 725 pariter
1525 677 1581 708 ac
1617 678 1780 709 rernm
1827 660 1946 708 fidei
1983 660 2235 709 Gronovii
2269 663 2424 711 inter:

261 746 491 814 pretatio.
559 745 785 794 Alteram
836 743 962 793 viam
1010 743 1263 811 ingressus
1310 750 1385 792 est
1429 742 1648 809 Lipsius,
1715 745 1875 792 sinum
1915 743 2088 810 famae
2135 745 2196 793 de
2229 749 2413 813 qrcmio

259 832 431 896 lamae
465 829 644 895 accipit
678 847 734 878 ea
770 829 820 878 vi
864 837 919 878 ut
973 826 1270 877 Caledonios
1305 827 1643 875 Romanorum
1692 830 1891 876 notitiae
1925 831 2237 896 surripuerit.
2306 830 2415 879 reii-

263 914 487 963 ciendam
522 930 632 961 esse
668 912 795 960 hanc
832 912 1153 972 sententiam,
1200 899 1279 959 vel
1324 911 1366 958 si
1412 910 1564 959 verba
1600 929 1659 958 eo
1696 911 1876 959 ducere
1910 913 2229 975 viderentur,
2280 922 2414 978 patet

263 1014 323 1047 cx
357 997 419 1045 iis
455 1015 581 1063 quae
617 995 880 1045 Gronovio
918 994 1251 1060 opposuimus·
1319 994 1406 1043 sed
1443 1002 1628 1043 tantum
1662 992 1803 1043 abest
1826 1005 1879 1044 ut
1915 996 2051 1044 sinus
2087 996 2248 1045 famae
2286 995 2413 1046 celet

263 1088 313 1131 et
347 1079 650 1143 abscondat,
685 1086 741 1129 ut
774 1078 870 1129 hoc
906 1078 1098 1144 excepti
1133 1078 1185 1127 in
1218 1095 1404 1130 sumam
1429 1077 1595 1144 potius
1621 1077 1957 1128 celebritatem
1993 1097 2050 1129 ac
2084 1079 2413 1143 frequentiam

262 1163 516 1214 hominum
552 1162 904 1229 producantur.
973 1179 1084 1210 nam
1137 1162 1189 1210 in
1235 1163 1346 1211 sinu
1392 1169 1564 1227 utpote
1611 1161 1854 1210 tutissima
1900 1164 2125 1228 corporis
2170 1146 2309 1230 parte
2355 1181 2413 1214 ea

263 1249 510 1298 collocare
556 1248 772 1296 solemus
816 1264 943 1313 quae
987 1264 1079 1312 pro
1124 1247 1316 1296 via-ibus
1372 1246 1557 1294 nostris
1602 1254 1816 1295 tutemur
1861 1264 1918 1295 ac
1964 1247 2235 1297 foveamus,
2316 1249 2411 1297 iam

260 1331 419 1380 famae
466 1331 628 1379 omnis
671 1330 747 1378 vis
783 1330 834 1378 in
880 1329 1206 1378 celebrando.-
1275 1331 1453 1378 secreti
1499 1329 1623 1378 nihil
1668 1329 1953 1380 admixtum.
2020 1340 2075 1382 ut
2126 1331 2411 1380 fortitudini

264 1413 532 1463 nihil-cum
568 1413 788 1480 ignavia:
824 1421 1055 1463 contactu
1091 1414 1199 1480 ipso
1235 1413 1435 1479 periret.
1504 1412 1712 1479 proinde
1757 1414 1841 1480 qni
1883 1414 1934 1461 in
1969 1414 2080 1462 sinu
2115 1414 2273 1462 famae
2309 1432 2413 1464 ver·

262 1506 433 1546 santur
466 1506 521 1546 ut
554 1498 769 1563 proximi
801 1498 959 1546 famae
994 1497 1312 1546 remotissimi
1356 1488 1421 1544 ab
1456 1498 1591 1544 omni
1627 1497 1930 1546 obscuritate
1967 1506 2096 1546 sunt.
2166 1508 2216 1546 et
2248 1499 2408 1547 famae

261 1583 492 1648 effugium
543 1583 739 1630 nonnisi
786 1583 838 1630 in
880 1590 1074 1631 secreto
1120 1601 1177 1631 ac
1213 1583 1323 1630 sinu
1358 1581 1702 1644 ignorationis.
1773 1583 1938 1646 itaque
1973 1581 2218 1645 probandi
2254 1582 2289 1629 ii
2324 1583 2411 1648 qui

260 1666 447 1714 nullum
483 1666 630 1713 alium
667 1684 864 1714 sensum
890 1665 1116 1714 obscuris
1139 1665 1306 1714 ven-*bis
1329 1663 1506 1712 subiici
1528 1682 1674 1728 posse
1700 1665 2006 1713 contendunt
2030 1684 2177 1730 quam
2200 1664 2409 1731 gloriam

255 1749 416 1815 gentis
452 1749 503 1796 in
539 1750 649 1797 sinn
684 1749 844 1798 famae
879 1750 1109 1799 nutritae.
1177 1749 1300 1797 falsa
1335 1756 1497 1796 autem
1534 1765 1646 1813 spes
1681 1766 1737 1796 ac
1773 1757 2144 1813 praeposterum
2177 1748 2410 1814 gaudium

256 1839 488 1898 tanquam
525 1830 616 1881 hac
651 1832 738 1882 lite
773 1832 1039 1882 diiudicata
1078 1831 1224 1881 etiam
1260 1830 1503 1881 sententia
1538 1830 1638 1880 loci
1673 1830 1734 1879 ad
1777 1831 2019 1899 liquidum
2057 1831 2297 1897 perducta
2333 1832 2413 1881 sit.

260 1915 425 1966 hercle
461 1935 561 1966 non
597 1926 695 1966 tnm
733 1916 991 1966 recondita
1026 1916 1147 1965 haec
1184 1916 1319 1964 sinus
1354 1915 1653 1982 significatio
1693 1924 1746 1964 ut
1780 1916 2082 1964 clarissimos
2120 1915 2413 1965 duumviros

254 2001 451 2068 fugerit.
520 2002 675 2066 prima
728 2019 780 2049 se
827 2001 1065 2049 obtulerit
1109 2018 1310 2049 necesse
1357 2010 1446 2050 est.
1517 2001 1604 2049 sed
1647 2008 1940 2065 spreverunt
1984 2018 2075 2048 nec
2121 1998 2278 2048 levem
2334 1999 2402 2049 ob

254 2103 465 2135 eausam.
535 2085 721 2134 similes
767 2085 894 2134 enim
949 2102 1006 2132 ac
1056 2084 1293 2134 finitimae
1338 2103 1418 2133 res
1462 2103 1551 2150 per
1597 2084 1821 2148 copulam
1858 2102 1918 2134 ac
1953 2083 2187 2150 coniungi
2223 2083 2402 2135 solent.

254 2168 418 2234 itaque
454 2187 604 2234 quum
641 2186 837 2217 recessu
873 2167 1099 2215 locorum
1136 2167 1259 2216 situs
1294 2168 1567 2230 indicetur,
1603 2166 1895 2215 Gronovius
1922 2167 2081 2216 sinum
2108 2167 2158 2215 in
2199 2167 2410 2217 eundem

253 2266 447 2302 sensum
484 2251 838 2317 interpretatus
878 2260 968 2300 est.
1036 2258 1086 2299 et
1119 2251 1234 2317 quia
1270 2270 1394 2317 quae
1430 2251 1481 2299 in
1516 2246 1712 2300 recessu
1758 2250 1918 2317 posita
1973 2260 2088 2300 sunt
2122 2250 2410 2301 rumoribus

255 2335 498 2385 subducta
543 2334 908 2383 multitudinem
959 2335 1141 2395 latent,
1188 2334 1388 2399 Lipsius
1434 2334 1658 2400 neglecta
1704 2334 1833 2382 fama
1885 2352 1946 2403 ex
1981 2335 2093 2384 sinu
2128 2335 2409 2384 occultandi

250 2408 546 2485 potestntem
600 2418 822 2483 arripuit.
905 2426 1196 2467 erraverunt
1246 2424 1480 2484 uterque:
1533 2417 1621 2466 sed
1673 2416 1961 2466 observatio
2013 2426 2061 2467 et
2121 2417 2229 2481 lex,
2280 2418 2407 2468 unde

251 2501 441 2569 egressi
477 2508 617 2564 sunt,
654 2519 769 2550 vera
807 2509 857 2550 et
894 2499 1216 2550 immutabilis
1262 2515 1354 2565 est.
1421 2508 1588 2567 aperte
1637 2508 1798 2550 autem
1852 2500 2066 2550 violatur
2109 2501 2171 2549 ab
2218 2502 2278 2549 iis
2323 2502 2408 2568 qui

251 2584 773 2634 commemorationem
794 2583 998 2652 ,gloriae
1038 2582 1628 2648 sententiaeiimmiscent.
1699 2602 1909 2653 namque
1933 2602 2158 2634 recessus
2181 2584 2408 2634 diversus

250 2685 276 2716 a
304 2658 705 2734 longinquitate,
745 2668 982 2716 finitimus
1017 2677 1212 2716 secreto
1247 2674 1297 2714 et
1331 2667 1618 2732 solitudini,
1663 2677 1717 2717 ut
1763 2670 1870 2734 ipse
1917 2669 2138 2718 occultus
2185 2676 2291 2731 est,
2337 2670 2404 2717 ita

250 2760 302 2801 ct·
332 2741 458 2800 alios
481 2752 724 2801 occultat.
792 2760 967 2801 eontra
1001 2754 1131 2820 {Jama
1167 2769 1194 2798 n
1229 2750 1518 2802 celebritate
1554 2771 1653 2801 non
1687 2753 2004 2819 seiungenda.
2074 2761 2121 2800 ct
2167 2753 2407 2818 gremium

250 2836 408 2885 famae
433 2835 742 2885 ‘celebritatis
766 2836 1184 2884 fecundissimum
1221 2834 1395 2885 solum.
1464 2838 1715 2885 contraria
1751 2845 1911 2885 autem
1948 2844 1997 2884 et
2025 2836 2254 2900 opposita
2280 2837 2409 2885 inter

252 2935 304 2968 se
339 2935 393 2968 se
428 2919 639 2969 invicem
676 2918 936 2985 repellunt.
1005 2927 1055 2969 et
1090 2926 1334 2970 secretum
1371 2918 1742 2983 celebritatem,
1798 2917 2062 2967 obscurum
2099 2926 2149 2967 et
2183 2908 2407 2984 ignotum

257 3001 714 3053 nomenillustrem
750 3011 799 3052 et
832 3002 1173 3070 famigeratam
1207 3004 1441 3053 virtutem
1476 3021 1577 3052 non
1611 3003 1770 3050 minus
1804 3001 1931 3069 fugit
1954 3019 2100 3071 quam
2128 3021 2224 3051 nox
2249 3002 2407 3055 lucem

1662 3080 1693 3109 -κ
