2687 3487
1419 390 1452 440 8

360 531 414 573 ut
448 541 529 572 res
564 541 703 572 sacra
739 531 790 573 et
825 523 1127 572 inviolabilis
1163 524 1499 588 penetralibus
1535 525 1638 572 fani
1673 524 1924 573 custoditi.
1977 525 2040 574 cs.
2063 525 2124 574 de
2143 525 2512 575 Germanorum

356 607 510 656 sacris
545 608 687 674 equis
723 609 894 657 Germ.
930 625 972 655 e.
1020 606 1115 656 ¹0:
1163 609 1361 675 publice
1394 608 1604 656 alanta:-
1637 610 1808 656 iisdem
1843 609 2120 662 nemoribus
2154 627 2213 658 ac
2248 610 2373 658 lucis
2406 627 2513 658 can·

355 692 462 740 didi
493 698 542 740 et
577 692 718 740 nullo
755 692 959 739 mortali
992 710 1138 759 opere
1173 694 1400 740 contacti.
1471 709 1561 739 nec
1609 709 1763 757 vacua
1809 691 1904 740 hoc
1940 693 2308 758 superstitionis
2332 692 2513 741 ‘colore

353 775 508 825 verba
545 794 586 824 c.
622 776 690 825 51
733 783 882 825 exin:
911 778 1078 842 primo
1111 778 1277 824 statim
1313 793 1572 842 conqressu
1607 794 1703 824 non
1737 777 2050 824 ostendamus
2092 793 2211 842 qnos
2246 777 2337 822 sibi
2371 775 2516 824 Gale·

356 860 505 909 donia
548 862 683 910 viros
731 841 1043 929 seposuerit}
1112 877 1222 907 nam
1275 858 1501 907 Masurio
1543 858 1734 908 Sabino
1772 867 1896 907 teste
1932 859 2062 925 apud
2096 858 2314 907 Gellium
2349 858 2416 921 4,
2450 858 2513 908 9:

340 931 639 1011 'religiosum
675 952 747 993 est
791 947 923 1012 quod
958 953 1169 1012 propter
1213 946 1526 992 sanctitatem
1571 945 1795 1010 aliquam
1848 951 2087 992 remotum
2139 960 2197 992 ae
2250 946 2513 1011 sepositum

355 1046 386 1077 a
420 1030 562 1077 nobis
598 1036 686 1077 est.
756 1031 924 1097 itaque
959 1029 1206 1076 sententia
1242 1046 1332 1074 nos
1370 1035 1618 1075 terrarum
1652 1046 1711 1076 ae
1746 1029 1988 1076 libertatis
2023 1035 2263 1075 extremos
2297 1044 2513 1075 recessus

355 1116 458 1180 ipse
493 1131 552 1161 ac
596 1116 732 1160 sinus
763 1112 876 1178 fani
911 1142 975 1150 —-
1012 1112 1232 1177 defendit
1280 1113 1527 1161 artissime
1577 1132 1686 1161 eum
1732 1113 1985 1178 prioribus
2042 1111 2305 1174 cohaeret,
2358 1121 2407 1161 et
2459 1121 2513 1161 ut

356 1196 470 1244 inde
507 1197 672 1244 lumen
710 1197 891 1261 accipit
925 1198 992 1244 ita
1031 1204 1081 1244 et
1116 1197 1215 1245 dat.
1285 1197 1335 1244 in
1382 1198 1489 1260 ipso
1537 1206 1698 1245 autem
1745 1196 2021 1245 sententiae
2073 1194 2284 1244 circuitu
2332 1203 2382 1244 et
2426 1207 2514 1260 per

355 1279 549 1347 sing-ula
584 1281 740 1329 incisa
778 1298 906 1329 nunc
942 1279 1137 1329 demum
1176 1279 1301 1328 ordo
1338 1287 1486 1346 atque
1522 1280 1848 1330 concinnitas.
1916 1278 2122 1328 fortuita
2161 1285 2210 1327 et
2245 1276 2511 1334 libidinosa

357 1371 501 1412 antea
537 1363 799 1424 videbatur
836 1364 1092 1412 distinctio
1128 1371 1460 1411 extremorum
1497 1371 1747 1412 terrarum
1783 1382 1842 1413 ae
1878 1364 2137 1412 libertatis.
2204 1369 2340 1427 patet
2367 1360 2514 1427 scrip·

352 1447 479 1497 toris
514 1466 595 1497 ars
630 1456 780 1513 atque
816 1446 1078 1498 eonsilium
1115 1447 1322 1498 reducto
1356 1447 1495 1513 fano.
1577 1467 1688 1498 nam
1735 1448 1863 1498 sicut
1906 1464 2122 1498 recessus
2168 1446 2229 1495 ad
2265 1454 2514 1496 terrarum

357 1537 600 1581 extremos
635 1540 853 1597 spectat,
887 1531 958 1581 ita
992 1532 1129 1581 sinus
1161 1529 1275 1598 sarii
1309 1530 1503 1582 extollit
1539 1538 1588 1583 et
1616 1531 1968 1599 interpretatur
1985 1536 2226 1580 extremos
2244 1529 2515 1578 libertatis.-

353 1617 554 1684 utrique
608 1623 771 1665 autem
824 1614 1070 1665 vocabulo
1124 1617 1345 1682 defendit
1394 1616 1551 1684 probe
1603 1615 1909 1667 attribuitur.
2009 1614 2237 1663 similiter
2289 1615 2413 1663 situs
2468 1622 2517 1661 et

360 1718 541 1751 numen
577 1699 807 1765 copulata
843 1700 893 1747 in
930 1699 1213 1748 Cremonae
1249 1701 1443 1749 excidio
1480 1701 1548 1749 H.
1585 1701 1651 1763 5,
1686 1699 1789 1748 54:
1826 1717 1936 1748 enm
1970 1701 2133 1747 omnia
2169 1715 2313 1746 sacra
2342 1698 2516 1765 prosa·

352 1802 514 1852 nuque
549 1784 602 1832 in
636 1786 746 1851 iqne
781 1786 1120 1848 considerent,
1171 1784 1330 1832 solnm
1380 1785 1622 1854 Mephitis
1673 1784 1910 1852 templum
1963 1785 2096 1832 stetit
2143 1789 2258 1831 ante
2292 1785 2511 1846 moenia,

354 1869 459 1918 loeo
493 1887 579 1917 seu
614 1871 811 1917 numine
846 1869 1123 1932 defensum.
1199 1869 1400 1934 adjuvat
1448 1869 1842 1918 emendationem
1897 1877 2117 1917 nostram
2173 1868 2318 1915 etiam
2372 1866 2512 1915 locus

353 1970 501 2018 supra
538 1952 766 2000 laudatus
802 1970 845 2001 c.
879 1951 946 2000 51
968 1971 982 2000 ε
1019 1959 1066 2000 et
1102 1953 1432 2019 lonqinquitas
1467 1970 1524 2000 ae
1560 1959 1798 2000 secretum
1819 1953 1977 2018 ipsum
2008 1969 2103 2018 quo
2122 1953 2304 2011 tutius,
2340 1967 2397 1998 eo
2414 1967 2515 1998 ms·

351 2040 558 2105 pectine.
628 2049 739 2085 nam
777 2037 1022 2085 sententia
1059 2036 1256 2100 eadem,
1303 2036 1408 2084 sola
1436 2035 1586 2085 verba
1624 2045 1807 2085 mutata
1846 2053 1934 2101 pro
1973 2035 2170 2084 consilii
2204 2034 2508 2085 diversitate.

357 2120 482 2170 abiit
517 2121 679 2169 omnis
714 2120 974 2187 religionis
1024 2120 1210 2169 horror
1261 2129 1309 2170 ct
1364 2121 1562 2188 vulgare
1613 2128 1858 2169 secretum
1911 2120 2178 2183 remansit,
2226 2121 2341 2187 quia
2394 2117 2512 2186 quid

358 2205 576 2254 Romani
627 2205 968 2270 imperitantes
1013 2204 1074 2254 de
1127 2203 1403 2254 Caledonia
1449 2204 1715 2272 aliquando
1765 2204 2029 2253 iudicaturi
2074 2204 2175 2252 sint
2227 2204 2511 2271 quaeritur,

357 2305 454 2337 non
491 2287 611 2355 quid
647 2287 937 2354 superstitio
989 2289 1188 2355 gentilis
1242 2289 1412 2338 credat
1465 2306 1552 2337 seu
1606 2289 1809 2337 credere
1854 2288 2065 2337 simulet.
2148 2288 2262 2353 lpse
2299 2287 2513 2353 denique

355 2371 597 2438 Agricola
632 2371 728 2420 hoc
763 2379 1009 2420 secretum
1047 2373 1207 2438 tangit
1253 2373 1501 2421 invidiosa
1553 2389 1677 2421 voce
1731 2390 1773 2421 c.
1820 2373 1923 2420 55:
1980 2375 2177 2421 veniunt
2229 2388 2255 2418 e
2307 2371 2511 2418 latebris

355 2457 457 2503 suis
503 2457 704 2503 extrusi.
775 2455 848 2502 sic
900 2454 1107 2501 Tacitus
1164 2455 1444 2501 admirabili
1495 2465 1601 2502 arte
1654 2465 1896 2503 secretum
1945 2455 2251 2503 Caledoniae
2297 2471 2412 2501 mox
2462 2454 2512 2519 in

356 2540 668 2587 sanctitatem
703 2540 807 2586 fani
839 2538 1090 2586 libertatis
1125 2540 1290 2601 auxit,
1324 2558 1422 2604 quo
1460 2539 1849 2588 Caledoniorum
1884 2540 2169 2605 arrogantia
2190 2555 2512 2603 cognoscere·

357 2631 464 2685 tur,
516 2640 634 2672 mox
685 2640 746 2671 ex
793 2622 1026 2687 superbia
1071 2622 1301 2673 Romana
1350 2622 1595 2688 depressit
1637 2633 1785 2691 atquc
1838 2622 2144 2673 foedissimis
2178 2620 2513 2672 latronum'et

355 2706 569 2758 ferarum
607 2705 816 2757 latebris
870 2706 1190 2758 assimulavit.
1271 2706 1331 2757 de
1382 2708 1506 2758 vitio
1561 2708 1834 2775 scripturae
1886 2707 1969 2758 vix
2021 2716 2094 2758 est
2148 2705 2284 2776 quod
2336 2704 2511 2757 dicam.

356 2790 479 2841 abiit
510 2791 622 2857 sani
656 2792 707 2840 in
749 2790 860 2856 fam
905 2790 1142 2839 facillimo
1191 2808 1381 2840 errore.
1466 2810 1592 2859 quae
1643 2793 1839 2840 litterae
1893 2808 2068 2840 sensus
2121 2799 2349 2856 expertes
2397 2806 2510 2839 mox
2593 2855 2604 2863 .

356 2876 699 2924 necessitatem
736 2875 1026 2942 corrigendi
1059 2875 1285 2924 attulere.
1354 2895 1512 2942 prona
1547 2886 1710 2925 autem
1757 2877 2043 2941 suspicione
2091 2875 2246 2924 solam
2288 2873 2513 2922 termina·

352 2959 539 3008 tionem
575 2958 806 3007 vocabuli
841 2959 1105 3022 omissam,
1141 2959 1347 3026 reliquis
1380 2960 1560 3009 litteris
1594 2960 1830 3026 integris,
1868 2960 2141 3028 proclivior
2171 2965 2278 3007 erat
2303 2956 2508 3006 mutatio

352 3043 403 3092 in
434 3043 629 3111 samam
667 3061 812 3110 quam
847 3051 990 3092 vetus
1020 3043 1216 3109 fanum.
