2687 3487
1354 355 1389 403 6

295 500 379 537 aut
415 491 574 555 frigus
610 488 733 535 solis
768 505 995 552 vapores,
1067 496 1283 535 attamen
1320 505 1618 536 concurrere
1664 488 1715 534 in
1761 488 1931 535 eadem
1980 507 2130 553 opera
2165 499 2215 538 et
2248 489 2449 538 sociatis

288 574 477 621 viribus
497 572 770 636 perieulum
790 590 817 618 a
837 571 1132 619 Caledoniis
1155 572 1433 636 propellere
1456 580 1639 620 temere
1676 573 1883 638 lingunt.
1955 590 2081 638 quae
2117 573 2287 623 Taciti
2308 591 2447 623 mens

286 656 438 704 fuerit
474 655 787 720 aliquatenus
824 654 1006 702 eoniici
1041 653 1159 704 lieet
1207 674 1266 702 ex
1311 654 1479 702 verbis
1524 654 1652 703 infra
1691 655 1891 719 scriptis
1936 673 1979 704 e.
2013 654 2113 706 δίε
2167 663 2215 704 et
2266 656 2447 722 lonqin-

285 741 447 805 quitas
465 757 523 788 ac
550 745 789 788 secretum
809 738 969 804 ipsum
993 755 1087 804 quo
1110 739 1290 801 tutius,
1327 755 1382 787 eo
1402 739 1702 806 suspectius,
1738 735 1920 805 quibus
1943 745 2113 805 aperte
2140 736 2202 788 ad
2224 745 2447 789 nostrum

284 823 449 872 locum
486 822 769 886 respicitur.
841 838 1052 887 namque
1089 830 1143 870 ut
1179 824 1330 870 tutius
1365 823 1495 870 idem
1531 839 1588 870 ac
1624 820 1873 886 defendit,
1921 822 1988 869 ita
2025 823 2354 889 longinquitas
2388 840 2448 871 ae

293 913 553 966 secretum,
591 922 833 952 recessum
869 922 928 952 ac
962 907 1120 952 sinum
1157 905 1210 952 in
1244 907 1459 953 animum
1496 914 1750 960 revocant.
1820 906 2046 954 firmatur
2078 904 2195 954 hine
2231 905 2446 970 suspicio

288 989 601 1037 (ironovium
643 996 692 1036 et
725 988 953 1053 Lipsium
990 988 1188 1037 innixos
1225 988 1417 1055 vulgari
1451 989 1658 1038 voculae
1693 1005 1752 1038 ac
1786 995 2061 1054 potestate,
2097 988 2140 1036 si
2178 990 2228 1037 in
2255 988 2449 1037 univer·

287 1091 392 1121 sum
438 1071 796 1121 aestimandum
851 1073 943 1134 sit,
996 1072 1181 1120 rectius
1228 1072 1288 1120 de
1334 1072 1574 1120 sententia
1619 1072 1719 1120 loci
1765 1071 2009 1120 iudicasse
2045 1089 2191 1138 quam
2226 1071 2446 1137 ipsorum

287 1156 686 1217 obtrectatores,
722 1155 903 1221 quibus
938 1173 999 1201 ne
1038 1154 1159 1203 haec
1196 1155 1392 1221 quidem
1428 1155 1536 1202 laus
1586 1155 1905 1203 concedenda
1940 1154 2079 1221 quod
2114 1154 2289 1202 melius
2326 1154 2444 1202 iute-

287 1240 459 1306 gritati
495 1239 741 1286 sermonis
777 1237 1137 1286 consuluerint.
1207 1256 1318 1286 nam
1354 1238 1595 1304 gremium
1630 1239 1789 1288 famae
1826 1238 2008 1303 excipit
2040 1248 2090 1287 et
2123 1237 2334 1301 detinet:
2373 1255 2446 1286 ex-

288 1331 460 1389 ceptos
499 1322 763 1371 defendere
802 1340 901 1371 non
937 1322 1113 1387 gremii
1149 1323 1237 1371 sed
1273 1324 1426 1389 ipsius
1462 1323 1622 1372 famae
1658 1332 1749 1373 est.
1817 1341 1881 1372 an
1914 1322 2143 1372 Romana
2164 1322 2446 1388 eloquentia

286 1405 527 1453 imbutum
572 1404 763 1452 diceres
799 1405 972 1453 ducem
1009 1405 1222 1471 Alpinae
1258 1406 1420 1473 gentis
1457 1406 1506 1452 in
1543 1406 1672 1454 hune
1709 1406 1907 1454 modum
1946 1406 2319 1454 concionatum:
2360 1422 2445 1455 nos

287 1493 402 1556 iuqa
438 1492 546 1555 ipsa
582 1505 640 1534 ac
678 1491 810 1535 sinas
858 1491 1055 1535 virtutis
1100 1493 1151 1535 in
1196 1491 1324 1537 hanc
1368 1491 1496 1535 diem
1539 1488 1800 1553 defendit?
1868 1489 2095 1554 equidem
2142 1491 2445 1555 corrigerem

287 1589 344 1619 ac
391 1574 553 1618 virtus
601 1575 652 1619 in
699 1575 835 1619 cuius
880 1574 991 1619 sinu
1038 1576 1318 1636 qremioque
1364 1574 1559 1619 educati
1600 1590 1798 1632 sumus,
1848 1590 1935 1620 nee
1978 1572 2076 1620 nisi
2112 1572 2445 1636 exemplorum

287 1654 599 1702 documentis
658 1654 917 1704 convictus
969 1656 1262 1704 sententiam
1317 1662 1568 1704 mutarem.
1669 1654 1852 1704 nullam
1905 1654 2264 1720 interpretandi
2315 1655 2444 1705 viam

288 1739 577 1786 intentatam
613 1738 933 1804 reliquimus,
970 1739 1067 1786 nisi
1103 1739 1294 1786 somnia
1331 1757 1386 1786 ae
1424 1756 1579 1804 nugas
1615 1737 1711 1787 hoc
1746 1737 1994 1788 vocabulo
2034 1738 2256 1788 ornanda
2292 1747 2450 1805 puteS.

289 1821 540 1871 frustratis
576 1820 796 1889 undique
833 1838 929 1871 una
966 1838 1077 1889 spes
1114 1822 1164 1871 in
1201 1821 1494 1871 emendandi
1543 1822 1767 1871 acumine
1804 1829 2043 1889 superest.
2114 1839 2202 1871 nec
2245 1821 2450 1872 dubium

287 1922 386 1972 quo
424 1906 735 1971 potissimum
775 1905 950 1953 mentis
985 1906 1138 1952 aciem
1176 1905 1461 1974 dirigamuS.
1533 1924 1641 1950 nam
1692 1925 1841 1972 quum
1888 1906 2025 1952 sinus
2076 1907 2296 1952 recessui
2344 1907 2449 1953 tini·

288 1989 435 2035 timus
471 1990 564 2051 sit,
601 1998 775 2036 eontra
809 1989 971 2035 aliena
1009 2007 1064 2035 ae
1103 1990 1244 2052 plane
1289 1990 1539 2045 eontraria
1591 1990 1746 2051 fama,
1796 1990 2068 2037 sententiae
2113 1997 2273 2036 autem
2323 1990 2447 2037 fides

286 2071 421 2119 ¹«salva
458 2090 567 2120 esse
606 2091 706 2120 non
740 2073 924 2138 possit,
980 2073 1077 2120 nisi
1120 2072 1329 2121 alterum
1379 2073 1588 2122 incisum
1630 2072 1774 2121 alteri
1810 2071 1968 2121 simile
2005 2070 2268 2135 reddatur,
2305 2072 2445 2122 sinus

288 2155 570 2220 suspicione
608 2163 779 2219 vacat,
816 2164 865 2204 et
899 2156 1070 2204 vitium
1107 2156 1159 2203 in
1193 2156 1322 2204 fama
1360 2173 1467 2205 esse
1506 2163 1716 2221 oportet.
1787 2155 2022 2204 emendo:
2099 2180 2102 2181 ⁷

491 2383 577 2414 nos
627 2373 876 2415 terrarum
926 2385 983 2416 ac
1035 2368 1279 2417 libertatis
1325 2375 1564 2417 extremos
1598 2384 1813 2417 recessus
1849 2368 1951 2434 ipse
1987 2384 2046 2416 ac
2080 2369 2215 2416 sinus
2246 2367 2360 2432 sani
2394 2368 2443 2415 in

490 2450 615 2497 hanc
652 2453 780 2499 diem
816 2450 1052 2518 defendit.

399 2653 615 2718 Quaeris
635 2654 772 2723 quod
790 2655 957 2705 fanum
975 2664 1023 2706 et
1040 2655 1127 2706 ubi
1143 2657 1326 2707 situm?
1362 2657 1590 2707 nimirum
1611 2654 1859 2705 libertatis
1876 2654 2042 2703 fanum
2061 2654 2251 2704 ambitu
2267 2654 2442 2707 latissi-

286 2755 384 2789 mo,
437 2756 546 2787 nam
569 2739 865 2789 Britanniae
888 2740 1004 2789 olim
1026 2741 1240 2792 invictae
1268 2742 1391 2792 fines
1421 2750 1471 2792 et
1488 2741 1592 2792 fani
1607 2739 1857 2790 libertatis
1874 2738 2195 2794 Britannicae
2214 2738 2442 2802 termini,

286 2842 373 2873 seu
407 2840 580 2872 revera
602 2825 843 2874 maiorum
879 2825 1316 2895 flagrantissimum
1342 2825 1589 2876 libertatis
1606 2823 1824 2875 studium
1844 2831 2156 2888 sacraverat,
2189 2841 2277 2873 seu
2298 2821 2441 2873 fluxit

285 2906 535 2976 Calgacus
553 2907 616 2955 ad
634 2908 884 2957 acuendos
904 2909 955 2957 in
973 2927 1185 2978 pugnam
1204 2911 1395 2959 animos
1414 2908 1669 2977 splendida
1700 2915 1749 2956 et
1770 2906 1949 2974 grandi
1967 2907 2194 2956 oratione
2212 2923 2347 2957 usus,
2392 2915 2441 2956 et

287 2993 402 3057 quia
421 3010 525 3040 non
559 2999 744 3040 certam
781 2992 951 3042 aedem
988 2994 1077 3042 sed
1112 2994 1390 3043 universam
1428 2993 1639 3041 insulam
1664 2992 1876 3040 dicatam
1912 2992 2089 3055 iactat,
2122 2990 2302 3055 fanum
2318 2990 2440 3039 dicit
