2687 3487
1406 419 1444 469 4

361 560 699 611 molestiarum
746 576 806 607 ex
849 560 959 607 aiau
1000 558 1200 622 famae,
1245 554 1489 621 ambiguis
1535 553 1703 602 verbis
1748 562 1797 603 et
1841 553 2026 622 duplici
2060 561 2227 608 sensui
2263 560 2512 613 obnoxiis.

359 646 541 713 quippe
587 652 670 693 aut
721 645 857 692 sinus
905 639 1290 708 intelligendus,
1341 640 1392 686 in
1444 657 1589 706 quem
1625 639 1756 687 fama
1790 642 2087 704 recesserit,
2140 652 2225 693 aut
2271 662 2371 712 quo
2405 646 2512 713 ipsa

353 728 491 778 velut
524 735 640 795 toga
673 727 843 775 induta
874 734 1056 776 utatur.
1127 725 1237 794 quis
1272 731 1433 772 autem
1470 723 1562 771 iste
1597 723 1751 787 sinus,
1789 726 1875 791 qui
1912 743 1972 774 ex
2003 727 2283 776 mortalium
2320 729 2497 779 notitia

355 812 671 862 recedentem
707 810 992 877 exceperit?
1042 811 1203 856 sinam
1239 823 1354 856 orae
1389 807 1674 855 habitabilis
1711 807 1879 858 subdit
1914 809 2222 861 Gronovius,
2291 819 2342 860 at
2375 813 2509 863 nulla

356 914 473 946 orae
518 894 818 961 significatio
867 893 1034 942 verbis
1078 893 1224 939 inest.
1271 898 1321 938 et
1364 889 1509 954 plane
1547 890 1771 939 diversus
1805 893 1940 940 sinas
1985 895 2207 964 imperii,
2254 912 2401 961 quem
2449 913 2509 945 ex

351 978 525 1030 Germ.
559 978 650 1029 29.
686 978 856 1040 affert,
909 983 963 1025 ut
997 982 1047 1025 et
1090 973 1390 1023 Germaniae
1430 974 1593 1034 sinu-³,
1629 973 1715 1040 qui
1750 972 1922 1023 Germ.
1954 973 2044 1024 57.
2081 985 2510 1028 commemoratur.

353 1063 534 1131 quippe
569 1061 828 1127 imperium
865 1067 916 1109 et
951 1058 1219 1109 Germania
1258 1058 1494 1106 immensa
1530 1064 1774 1109 terrarum
1810 1058 1994 1123 spatia,
2029 1060 2074 1106 si
2109 1060 2246 1111 sinus
2274 1061 2508 1125 efficiunt,

347 1153 612 1196 terrestres
648 1145 786 1193 sinus
821 1143 1053 1197 efficiunt.
1124 1141 1259 1208 quod
1295 1140 1545 1189 diversum
1582 1141 1634 1187 in
1668 1141 1824 1203 fama,
1866 1142 1946 1191 cui
1981 1159 2072 1190 nec
2106 1143 2182 1190 vis
2218 1160 2307 1211 nec
2343 1144 2500 1211 ligura

352 1230 450 1280 tale
486 1228 607 1296 quid
644 1227 927 1276 exhibendi.
997 1225 1177 1292 quodsi
1220 1223 1400 1272 dubius
1442 1223 1675 1289 haereas,
1728 1233 1951 1290 permuta
2003 1226 2163 1275 sinum
2200 1244 2308 1275 cum
2343 1227 2508 1278 fronte

354 1322 403 1362 et
439 1312 616 1361 ommis
652 1310 898 1359 dubitatio
945 1308 1164 1357 tolletur.
1234 1325 1416 1374 eaque,
1460 1307 1667 1356 Tacitus
1713 1309 1782 1356 ait
1826 1307 1994 1358 Germ.
2029 1309 2132 1373 42,
2207 1309 2505 1360 Germaniae

350 1397 488 1445 velat
519 1394 664 1460 frons
700 1401 800 1455 est,
836 1401 1079 1459 quatenus
1103 1392 1333 1440 Danubio
1360 1393 1700 1458 praetexitur.-
1737 1410 1828 1441 nec
1854 1410 2028 1443 sensus
2052 1392 2310 1446 obscurus.
2378 1393 2510 1444 Mar·

350 1480 544 1529 comani
579 1478 844 1543 Quadique
881 1476 1224 1542 intelliguntur
1269 1484 1319 1524 et
1361 1475 1404 1523 si
1448 1475 1534 1540 qui
1569 1474 1655 1524 alii
1687 1475 1900 1540 proximi
1934 1476 2069 1541 ripae
2105 1476 2364 1527 Romanae
2401 1497 2506 1547 age·

349 1563 484 1611 bant.
556 1563 651 1610 iam
683 1560 903 1627 frontem
935 1559 1107 1625 famae
1142 1558 1203 1606 ad
1234 1557 1602 1607 similitudinem
1634 1557 1818 1622 frontis
1857 1558 2156 1610 Germaniae
2191 1560 2351 1628 linge,
2387 1581 2502 1613 num

345 1645 445 1695 ulla
481 1645 708 1694 locorum
745 1643 1046 1709 significatio
1082 1642 1270 1691 restat?
1339 1659 1402 1689 an
1438 1641 1660 1692 exoritur
1706 1642 1748 1690 si
1784 1660 1928 1709 quem
1966 1660 2025 1692 ex
2060 1644 2170 1692 istis
2203 1645 2399 1710 populis
2434 1646 2501 1696 ita

345 1730 629 1796 loquentem
666 1727 866 1776 feceris:
904 1743 991 1774 nos
1027 1727 1139 1792 ripa
1174 1726 1282 1791 ipsa
1318 1741 1376 1772 ac
1407 1723 1550 1789 frons
1580 1724 1750 1790 lamae
1778 1725 2119 1775 Romanorum
2147 1729 2501 1778 incursionibus

347 1814 397 1859 in
432 1813 560 1859 lianc
597 1813 726 1859 diem
761 1811 1019 1857 obiectavit
1040 1809 1064 1856 Ρ
1131 1807 1284 1869 Quod
1320 1815 1480 1855 autem
1517 1807 1578 1856 de
1612 1808 1778 1857 fronte
1812 1809 1970 1873 valet,
2013 1811 2143 1859 valet
2178 1818 2228 1858 et
2263 1811 2323 1859 de
2358 1806 2502 1875 sinu.

348 1905 397 1945 ct
431 1904 486 1944 ut
520 1896 664 1942 frons
714 1894 874 1941 famae
923 1894 1139 1940 frontem
1175 1891 1473 1939 Germaniae
1520 1891 1802 1956 significare
1850 1894 2049 1958 nequit,
2100 1895 2167 1941 ita
2221 1912 2310 1942 nec
2359 1895 2495 1943 sinus

344 1981 504 2029 famae
552 1979 612 2027 de
660 1978 769 2026 sinu
819 1975 1123 2026 Caledoniae
1167 1974 1325 2039 accipi
1370 1979 1548 2039 potest.
1615 1974 1834 2023 latebrae
1884 1977 2042 2025 famae
2088 1994 2175 2027 seu
2219 1978 2488 2043 penetralia

342 2064 502 2114 famae
539 2061 601 2116 ad
637 2061 888 2112 Gronovii
922 2066 1134 2109 mentem
1171 2056 1477 2107 accederent.
1546 2074 1667 2135 nam*
1696 2057 1770 2106 his
1807 2059 2015 2109 vocibus
2050 2068 2184 2110 certa
2214 2060 2326 2111 loca
2351 2062 2496 2131 signi-

346 2148 575 2197 ficantur.
647 2146 786 2194 sinus
824 2153 872 2194 et
906 2143 1087 2191 frontis
1122 2141 1419 2208 significatio
1444 2142 1578 2191 varia
1615 2149 1663 2190 et
1699 2158 1759 2190 ex
1794 2150 1968 2191 natura
2012 2145 2086 2192 rei
2121 2153 2205 2193 aut
2239 2161 2498 2210 personae,

346 2232 424 2280 cui
461 2230 751 2279 tribuuntur
785 2228 1063 2277 accuratius
1100 2225 1396 2274 definienda.
1466 2242 1618 2290 quare
1653 2227 1693 2273 si
1731 2243 1945 2275 recessus
1991 2230 2093 2295 ipse
2144 2231 2280 2277 sinas
2327 2228 2499 2294 famae

344 2316 578 2380 scriptum
616 2321 775 2376 esset,
813 2313 948 2359 sinus
983 2310 1205 2358 recessui
1227 2309 1481 2373 appositus
1511 2307 1625 2356 hine
1650 2309 1955 2359 intellectum
1981 2313 2241 2377 acciperet.
2310 2313 2498 2362 inserto

347 2406 510 2447 autem
546 2416 620 2460 ac,
657 2406 707 2446 et
744 2397 855 2449 sinu
892 2411 917 2443 a
955 2411 1152 2442 recessu
1187 2391 1402 2453 divulso,
1437 2408 1536 2438 una
1571 2391 1700 2439 fama
1735 2393 2033 2459 relinquitur
2067 2395 2225 2457 cuius,
2262 2395 2399 2443 sinus
2435 2396 2498 2444 sit

344 2490 393 2532 et
446 2480 584 2531 cuius
635 2478 797 2546 figura
855 2477 1109 2525 efficiatur.
1177 2474 1374 2523 vexavit
1425 2473 1689 2522 verborum
1726 2476 2033 2543 significatus
2083 2476 2374 2525 Gronovius
2402 2487 2481 2526 ‘ut

342 2565 470 2612 hanc
507 2562 802 2610 sententiam
839 2567 1172 2624 compararet:
1218 2558 1397 2605 occulti
1438 2566 1485 2605 et
1537 2561 1617 2606 vix
1648 2557 1793 2623 fama
1826 2563 1930 2607 noti
1964 2560 2306 2608 Romanorum
2341 2563 2500 2609 avari-

340 2652 458 2695 tiam
494 2656 541 2695 et
577 2648 889 2693 ambitionem
925 2647 976 2691 in
1011 2643 1140 2690 hanc
1173 2643 1302 2689 diem
1346 2639 1614 2707 effuqimas.
1685 2643 1771 2691 sed
1818 2643 2071 2709 quomodo
2121 2644 2315 2693 occulta
2360 2643 2501 2694 Cale·

344 2731 605 2779 doniorum
634 2746 816 2780 nomen
845 2735 992 2793 atque
1024 2725 1257 2774 virtutem
1278 2722 1523 2791 Calgacus
1550 2742 1729 2775 vocare
1750 2735 1943 2791 potest,
1979 2728 2065 2794 qui
2087 2727 2268 2780 modo:
2296 2729 2493 2795 priores

333 2832 528 2881 paqnas
565 2829 700 2879 spem
736 2828 796 2859 ac
832 2810 1100 2859 subridium
1135 2810 1185 2856 ἰη
1219 2809 1437 2875 ipsoram
1472 2810 1697 2857 manibus
1732 2808 1987 2872 habuisse,
2022 2810 2266 2878 gloriatus
2302 2820 2393 2861 est.
2451 2821 2500 2861 et

341 2896 569 2963 proximo
619 2902 731 2943 ante
782 2909 913 2942 anno
955 2891 1175 2942 Romani
1206 2890 1503 2941 Bodotriam
1548 2894 1847 2959 transgressi
1892 2910 1994 2942 non
2028 2893 2179 2942 modo
2214 2894 2400 2943 nuntiis
2436 2911 2492 2944 ac

339 2982 499 3041 fama,
535 2979 596 3026 cf.
634 2996 675 3026 c.
710 2977 811 3026 23:
848 2978 917 3024 ad
951 2992 1129 3024 manae
1162 2983 1210 3023 et
1243 2992 1385 3024 arma
1418 2978 1641 3023 conversi
1664 2974 1989 3025 Caledoniam
2013 2978 2277 3029 incolentes
2298 2977 2492 3044 populi,

335 3067 524 3137 paratu
561 3076 764 3129 maqno,
801 3062 987 3109 maiore
1004 3058 1148 3126 sama
1160 3094 1180 3121 ‚
1216 3058 1302 3107 sed
1325 3057 1551 3109 manibus
1573 3065 1721 3126 atque
1746 3077 2019 3126 congressu
2042 3060 2247 3114 istarum
2271 3059 2493 3125 gentium
