2687 3487
1317 353 1350 402 7

259 507 358 537 non
392 488 645 554 templum.
715 506 824 536 nam
865 488 1043 552 fanum
1094 487 1366 552 appellatur
1412 488 1575 552 quivis
1613 486 1753 533 locus
1789 485 1884 532 diis
1921 502 2074 534 sacer.
2143 485 2401 534 declarant

257 571 410 621 verba
460 572 598 620 Livii
649 571 750 633 10,
801 571 900 620 57:
952 574 1097 636 inque
1147 588 1206 617 ea
1239 589 1414 637 puqnu
1455 570 1596 618 Jovis
1643 569 1859 617 Statoris
1894 571 2064 617 aedem
2097 577 2291 632 votam,
2346 577 2400 618 ut

259 654 504 704 Romulus
540 661 655 704 ante
689 662 919 703 voverat:
969 655 1057 703 sed
1078 652 1276 718 ⁴fanum
1319 660 1540 714 tantum,
1585 656 1637 702 id
1678 661 1751 702 est
1799 653 1935 702 loeus
1982 652 2165 718 templo
2199 652 2403 717 effatus,

255 743 480 788 sacratus
528 734 714 804 suerat.
799 734 1078 788 inhabitare
1131 744 1292 787 autem
1343 735 1466 787 deos
1518 743 1653 787 certa
1699 735 1838 802 loca,
1891 734 2089 786 etiamsi
2139 734 2272 786 nulla
2324 734 2395 786 ihi

259 822 439 888 templa
471 821 693 870 velutin
726 820 999 870 custodiam
1050 820 1208 869 libere
1258 821 1541 887 vagantium
1593 804 1842 870 exstructa
1892 827 2086 883 essent,
2149 837 2252 868 non
2303 819 2399 869 soli

258 903 521 954 caledonii
542 958 552 963 ‚⁷
588 904 985 953 arbitrabantur:
1065 904 1270 953 eandem
1330 913 1551 954 veterum
1612 904 1977 953 Germanorum
2027 903 2402 968 persuasionem

259 986 411 1036 fuisse
443 987 742 1036 testificatur
760 987 969 1036 Tacitus
1005 986 1175 1037 Germ.
1211 987 1332 1037 e.9:
1368 995 1581 1037 ceterum
1616 1004 1703 1036 nee
1738 987 1957 1036 cohibere
1975 988 2252 1056 parietibus
2287 987 2404 1036 deos

257 1087 409 1136 neque
442 1073 492 1118 in
527 1072 687 1118 ullam
721 1071 928 1118 humani
960 1073 1059 1118 oris
1091 1073 1300 1138 speeiem
1333 1071 1629 1118 assimulare
1660 1087 1719 1119 ex
1753 1073 2089 1137 maqnitudine
2123 1070 2406 1119 coelestium

256 1155 580 1203 arbitrantur.
649 1155 784 1202 lucos
818 1172 878 1203 ae
911 1172 1112 1202 nemora
1147 1162 1464 1216 consecrant,
1505 1156 1801 1221 deorumque
1835 1157 2108 1203 nominibus
2143 1154 2405 1221 appellant

257 1244 495 1287 secretum
528 1238 660 1287 illud
692 1239 823 1304 quod
856 1238 965 1287 sola
1000 1240 1276 1286 reverentia
1311 1239 1490 1288 vident.
1559 1238 1631 1286 Et
1677 1238 1847 1288 Germ.
1892 1256 1936 1288 c.
1970 1237 2069 1287 59:
2116 1245 2244 1286 stato
2289 1245 2406 1286 tem·

254 1339 375 1388 pore
407 1325 458 1370 in
491 1322 670 1370 silvam
702 1325 923 1389 auquriis
951 1330 1155 1389 patrum
1189 1330 1237 1371 et
1261 1325 1430 1389 prisea
1459 1322 1728 1388 formidine
1760 1340 1954 1372 sacram
1988 1339 2154 1371 omnes
2186 1322 2404 1370 eiusdem

256 1406 508 1470 sanquinis
539 1406 715 1472 populi
748 1406 1074 1472 leqationibus
1107 1413 1295 1454 coeunt.
1363 1407 1523 1472 aperit
1567 1406 1754 1453 fontem
1798 1406 2169 1472 superstitionis
2208 1406 2403 1453 Seneca

258 1505 335 1551 ep.
368 1487 437 1535 41
455 1508 468 1534 :
513 1490 555 1534 si
591 1490 677 1534 tibi
720 1491 933 1536 occurrit
974 1492 1178 1536 vetustis
1221 1491 1476 1536 arboribus
1510 1497 1559 1535 et
1589 1490 1787 1535 solitam
1838 1490 2152 1537 altitudinem
2202 1491 2407 1555 eqressis

254 1568 487 1634 frequens
522 1571 691 1631 lucus,
727 1571 822 1618 illa
846 1574 1128 1636 proceritas
1160 1573 1316 1620 silvae
1350 1580 1397 1620 et
1430 1580 1669 1620 secretum
1702 1573 1799 1619 loci
1830 1579 1878 1620 et
1912 1574 2174 1619 admiratio
2205 1573 2407 1620 umbrae

255 1651 405 1716 fidem
453 1655 665 1702 numinis
706 1652 847 1717 facit.
914 1654 1010 1702 iam
1058 1656 1193 1704 sinus
1239 1655 1343 1703 fani
1394 1656 1444 1704 in
1489 1653 1810 1704 Calcedonia.
1876 1654 2235 1703 firmamentum
2284 1653 2403 1703 fidei

260 1735 384 1786 situs
419 1744 580 1786 terrae
617 1745 666 1786 et
699 1737 861 1803 gentis
896 1739 1194 1805 antiquitas·‚
1240 1739 1468 1803 fortuna,
1516 1738 1685 1789 robur.
1770 1739 2058 1787 nobilissimi
2101 1741 2249 1787 totitas
2297 1739 2408 1786 Bri-

259 1821 460 1869 tanniae
511 1828 781 1886 vocantur,
832 1828 886 1873 ut
940 1838 1204 1873 Semnones
1237 1822 1413 1874 Germ.
1467 1840 1510 1874 e.
1556 1821 1654 1874 59:
1703 1824 2053 1873 vetustissimos
2085 1838 2135 1872 se
2169 1822 2407 1872 nobilissi-

258 1921 453 1970 mosque
488 1904 764 1952 Suevorum
798 1915 1087 1955 memorant.
1155 1916 1204 1955 et
1248 1917 1302 1955 ut
1344 1907 1424 1954 his
1463 1908 1589 1975 fides
1633 1909 1943 1974 antiquitatis
1975 1907 2217 1974 reliqione
2240 1906 2407 1973 firm·

258 1989 432 2048 batur,
464 1991 691 2054 proxima
725 1991 853 2036 silva
883 1994 1050 2055 prisea
1078 1992 1348 2055 formidine
1380 2008 1557 2051 sacra,
1606 1998 1840 2055 tanquam
1887 1993 1999 2037 inde
2038 1993 2179 2036 initia
2213 1993 2403 2055 qentis,

257 2070 324 2117 ibi
355 2078 586 2136 reqnator
619 2074 834 2121 omnium
866 2074 1014 2134 deus,
1068 2082 1231 2122 cetera
1264 2075 1481 2123 subiecta
1515 2083 1662 2141 atque
1687 2076 1951 2141 parentia,
2003 2074 2072 2121 iu
2109 2072 2406 2122 calcedonii

258 2156 308 2200 in
341 2156 459 2220 ipsis
485 2155 829 2221 penetralibus
865 2156 1155 2206 Britanniae
1190 2158 1288 2207 siti.
1364 2158 1526 2223 potuit
1569 2157 1786 2223 scriptor
1832 2164 1882 2205 et
1928 2155 2083 2205 verbo
2133 2158 2401 2204 secretiora

258 2237 359 2300 uti,
397 2237 531 2304 quod
567 2238 741 2290 Germ.
775 2257 818 2288 e.
853 2238 944 2290 41.
1021 2239 1082 2288 de
1134 2240 1316 2289 ultimis
1370 2241 1648 2290 Suevorum
1695 2239 1892 2306 populis
1940 2241 2127 2306 posuit.
2181 2247 2230 2288 et
2277 2240 2399 2289 baec

255 2321 449 2386 quidem
476 2339 603 2389 pars
637 2320 914 2371 Suevorum
947 2326 998 2372 in
1031 2327 1293 2373 secretiora
1315 2323 1615 2373 Germaniae
1641 2326 1933 2391 porriqitur.
2001 2325 2284 2392 penetralia
2304 2323 2401 2372 hoc

255 2402 368 2453 loco
404 2406 577 2454 maluit
610 2414 665 2454 ut
699 2405 796 2455 sibi
830 2409 1089 2457 transitum
1127 2408 1189 2456 ad
1223 2409 1388 2457 fanum
1425 2417 1635 2473 pararet.
1706 2425 1817 2456 nam
1860 2410 2146 2474 penetrale,
2195 2416 2251 2457 ut
2287 2409 2398 2457 Ser·

257 2486 364 2536 vius
398 2486 461 2536 ad
494 2487 559 2538 A.
598 2487 659 2552 7,
696 2488 780 2542 59.
815 2491 913 2553 ait,
949 2510 1063 2557 pars
1096 2492 1306 2541 interior
1339 2491 1515 2540 domus
1551 2499 1636 2540 aut
1669 2490 1855 2557 templi.
1923 2491 1986 2540 cf.
2021 2489 2193 2541 Germ.
2229 2510 2271 2540 c.
2294 2489 2395 2540 40:

255 2573 294 2617 is
329 2571 499 2619 adesse
524 2573 782 2639 penetrali
830 2573 987 2640 (casti
1020 2576 1236 2624 nemoris
1271 2575 1322 2623 in
1357 2574 1517 2624 insula
1565 2573 1786 2640 Oceani)
1838 2574 1983 2624 &am
2029 2573 2275 2639 intelliqit.
2345 2580 2396 2622 et

255 2654 517 2721 imaginem
551 2654 657 2703 fani
691 2657 950 2723 scriptoris
986 2658 1143 2708 oculis
1189 2666 1335 2726 atque
1383 2660 1548 2709 animo
1603 2657 1916 2708 obversatam
1969 2675 2075 2707 esse
2128 2656 2397 2707 ostendunt

254 2739 530 2805 sequentia:
564 2757 651 2790 nec
684 2743 998 2791 servientium
1033 2742 1205 2792 littora
1241 2745 1530 2811 aspicientes
1565 2742 1731 2793 oculos
1764 2758 1955 2811 quoque
1988 2759 2019 2789 a
2055 2747 2281 2790 contactu
2315 2742 2397 2791 do·

254 2814 531 2873 minationis
582 2825 842 2875 inviolatos
878 2826 1206 2877 shabebamus.
1292 2828 1484 2878 minore
1537 2846 1655 2878 cura
1706 2827 1863 2876 habiti
1913 2824 2093 2891 reliqui
2141 2823 2389 2876 Britanni.

254 2907 316 2956 cf.
350 2924 392 2957 e.
434 2907 528 2958 10:
568 2908 733 2957 Gallis
765 2912 816 2958 in
852 2912 1104 2960 meridiem
1137 2913 1290 2961 etiam
1323 2913 1579 2982 inspicitur
1613 2908 1911 2979 (Britannia)
1927 2927 1942 2975 3
1987 2909 2395 2976 septentrionalia

251 2991 356 3052 eius
372 3025 391 3052 ‚
427 2993 580 3040 nullis
614 3000 783 3040 contra
820 2997 995 3054 terris,
1048 3003 1185 3043 vasto
1229 3003 1374 3061 atque
1409 3004 1584 3063 aperto
1618 2996 1746 3042 mari
1772 2994 2061 3059 pulsantur.
2129 2992 2397 3042 Caledonii
