2687 3487
1345 339 1418 390 ¹⁷

309 475 373 534 ef,
408 475 479 527 Η.
512 474 569 540 4,
602 472 703 526 382
738 481 926 525 maesta
960 480 1010 524 et
1043 472 1308 541 multiplies‘
1339 479 1473 523 meta
1505 487 1743 542 suspensa
1777 473 1994 535 civitate,
2025 489 2153 541 qaae
2185 487 2338 540 saper
2384 474 2452 520 ‘u-

306 562 491 610 etantia
522 560 659 609 mala
687 557 851 626 salsos
874 572 1095 626 pamm
1126 556 1372 607 induerat.
1440 557 1598 606 ulturi
1641 557 1736 605 iam
1781 556 2115 607 Heumanuus
2154 558 2451 607 coniecerat.

307 661 400 694 uec
433 642 703 712 quidquam
736 641 832 691 hac
866 641 1153 691 coniectura
1189 642 1387 691 certius.
1456 641 1586 690 idem
1621 640 1827 691 verbum
1861 641 1924 692 de
1976 641 2152 691 iisdem
2198 642 2452 692 servitutis

306 728 450 778 malis
484 728 663 778 iterum
697 724 972 776 adhibitum
1027 725 1253 776 oratione
1303 734 1521 776 extrema
1572 744 1614 775 c.
1659 725 1757 776 52:
1807 728 1875 775 iba·
1916 727 2103 777 tributa
2145 733 2205 776 et.
2245 727 2451 776 metalla

306 819 354 864 et
370 818 563 863 ceterae
576 812 895 861 servientium
904 826 1098 878 poenae
1110 829 1131 874 ς
1166 812 1358 876 quasin
1377 818 1632 860 aeternam
1644 809 1878 877 perferre
1894 818 1982 860 aat
1999 813 2168 860 statim
2195 811 2367 860 ulcisci
2397 814 2449 861 s'a

305 896 401 948 Boe
427 883 608 964 'campo
639 900 728 945 est.
796 902 847 944 et
880 892 1002 944 haec
1050 894 1175 943 ultio
1227 893 1474 944 libertatis
1522 893 1653 942 baud
1705 894 1899 943 diversa
1949 893 2012 943 ab
2057 894 2249 944 ultione
2296 893 2450 944 cladis

305 980 562 1046 superiore
597 995 727 1026 anno
776 985 1035 1044 acceptae,
1078 996 1225 1046 quam
1275 979 1508 1045 agitatam
1553 995 1583 1025 a
1629 977 1917 1026 Caledoniis
1959 996 2107 1046 supra
2158 979 2452 1028 memoravit

305 1063 535 1128 scriptor.
570 1080 613 1111 c.
647 1060 750 1112 29:
786 1079 903 1109 nam
937 1060 1178 1110 Britanni
1207 1061 1336 1109 nihil
1364 1061 1521 1126 [raeti
1550 1078 1748 1129 pugnae
1773 1063 1959 1128 prioris
1992 1069 2186 1126 eventa,
2227 1070 2277 1111 et
2311 1062 2452 1111 ultio-

302 1163 414 1199 ,ειη
449 1152 537 1193 aat
583 1146 837 1193 servitium
872 1151 1219 1212 exspectantes.
1288 1145 1383 1193 alia
1419 1145 1550 1192 enim
1584 1143 1665 1192 lex
1699 1145 2028 1206 narrationis,
2078 1145 2213 1193 aliud
2255 1162 2451 1211 compo·

302 1230 508 1278 sitarum
545 1229 824 1275 orationum
860 1227 1137 1276 consilium.
1204 1229 1256 1275 in
1289 1229 1374 1276 illa
1410 1228 1573 1274 omnia
1620 1245 1680 1275 ex
1726 1244 1890 1274 rerum
1939 1228 2038 1274 fide
2085 1227 2350 1275 tradenda:
2399 1229 2450 1276 in

301 1310 381 1360 llis
415 1328 473 1359 ea
509 1309 845 1377 conquirenda
882 1309 1061 1376 quibus
1097 1310 1349 1359 auditores
1384 1311 1713 1359 concilientur
1746 1318 1831 1358 aut
1865 1311 2134 1377 erigantur.
2216 1310 2293 1358 bis
2327 1313 2449 1360 artis

243 1452 245 1455 ¹
299 1394 575 1463 praeceptis
610 1392 956 1460 obtemperans
991 1392 1201 1444 Tacitus
1235 1392 1489 1443 humiliori
1524 1411 1615 1442 nec
1649 1392 1839 1459 pudore
1864 1411 2046 1442 vacuae
2067 1393 2251 1442 irarum
2273 1413 2448 1444 causae

285 1474 535 1548 {violatum
552 1476 799 1527 libertatis
817 1495 996 1527 numen
1014 1495 1042 1526 a
1061 1475 1281 1545 Calgaco
1303 1475 1560 1544 praetendi
1576 1476 1697 1526 facit
1716 1477 1783 1526 ita
1802 1485 1857 1527 ut
1877 1475 2082 1527 verbum
2105 1477 2264 1543 ipsum
2283 1479 2453 1529 alcisci

298 1562 510 1613 retineat
543 1561 650 1611 sola
685 1578 832 1611 causa
865 1560 1070 1612 ultionis
1104 1561 1156 1611 in
1183 1561 1340 1612 maius
1385 1569 1545 1612 aucta.
1613 1560 1940 1628 magnitudini
1964 1560 2176 1630 denique
2194 1571 2449 1630 susceptae

298 1647 505 1696 ultionis
537 1663 628 1713 par
659 1646 930 1712 praemium
966 1653 1204 1712 patratae.
1241 1663 1284 1695 c.
1317 1644 1416 1696 50:
1450 1647 1671 1713 quotiens
1704 1662 1904 1694 caussas
1949 1646 2070 1694 aella·
2111 1653 2160 1695 et
2193 1649 2445 1696 necessita-

303 1737 399 1778 tem
434 1737 652 1777 nostram
686 1733 908 1791 intueor,
944 1747 1150 1796 maqnus
1185 1730 1307 1777 miluc·
1337 1732 1532 1777 animas
1566 1737 1639 1777 est
1671 1729 1962 1777 hodiernum
1996 1732 2124 1777 diem
2159 1748 2448 1779 eonsensum

295 1829 391 1879 que
425 1819 644 1862 vestram
680 1813 871 1860 initiam
905 1812 1147 1861 libertatis
1182 1814 1330 1860 totius
1363 1811 1660 1860 Britanniae
1691 1811 1819 1876 [ore.
1888 1812 2024 1878 quod
2046 1812 2109 1860 ad
2142 1813 2450 1878 depravatio-

302 1913 413 1945 nem
450 1902 670 1944 veterum
707 1893 949 1967 librorum
985 1894 1163 1945 attinet
1196 1894 1402 1944 alterum
1438 1897 1489 1944 in
1533 1913 1595 1944 ex
1640 1913 1736 1944 non
1785 1904 1961 1960 sponte
2011 1905 2179 1945 natum
2232 1896 2447 1956 videtur,

244 2038 255 2044 ,
297 1978 505 2029 alterum
540 1977 769 2027 consulto
805 1996 840 2026 a·
885 1977 1049 2027 scriba
1100 1980 1153 2028 in
1195 1978 1467 2027 sententiae
1514 1978 1905 2027 concinnitatem
1944 1977 2172 2026 ‘additum
2201 1978 2448 2032 arbitror.

296 2061 452 2112 verbo
489 2063 618 2111 ande
652 2078 754 2111 non
786 2061 948 2111 minus
984 2060 1195 2111 molesto
1231 2061 1374 2111 initio
1409 2061 1705 2125 sententiae,
1741 2078 1888 2129 quam
1920 2061 1963 2110 si
1991 2069 2105 2127 post
2122 2061 2278 2110 ulturi
2296 2069 2450 2120 trans,

295 2146 540 2213 posueris,
573 2145 710 2194 nulla
743 2153 856 2212 apta
891 2144 1035 2194 sedes
1068 2145 1282 2194 inveniri
1326 2152 1504 2210 potest.
1589 2144 1812 2211 putidum
1847 2152 1899 2194 et
1932 2163 2028 2194 non
2065 2144 2197 2213 quod
2243 2163 2303 2194 ex
2351 2146 2449 2195 Da·

295 2229 421 2279 uesii
453 2229 739 2278 coniectura
773 2228 837 2277 ab
871 2228 984 2277 aliis
1017 2236 1271 2295 acceptum
1306 2245 1408 2277 non
1442 2235 1733 2294 aspernatus
1768 2236 1846 2277 est
1879 2228 1923 2278 1.
1958 2229 2227 2279 BekkeruS.
2295 2247 2448 2298 quare

295 2311 458 2362 delevi
489 2320 757 2379 praeeunte
790 2312 986 2379 Lipsio,
1020 2311 1306 2374 Gronovio,
1340 2312 1467 2362 aliis.
1535 2320 1586 2362 et
1629 2320 1823 2362 scatent
1856 2313 2126 2380 Agricolae
2177 2312 2295 2362 libri
2345 2315 2449 2363 ina·

294 2396 442 2445 nibus
475 2395 660 2445 verbis.
728 2413 790 2444 ex
821 2414 922 2444 uno
957 2395 1125 2444 Vatic.
1158 2395 1324 2444 5429.
1394 2395 1517 2444 haec
1553 2395 1774 2461 exempla
1821 2398 2051 2462 apposui:
2096 2413 2141 2445 c.
2191 2396 2244 2446 4.
2294 2400 2447 2465 iisqne

294 2481 414 2546 ipsis
445 2479 707 2527 vis-tatibus
743 2505 806 2516 —
849 2481 1003 2545 iisqne
1036 2497 1084 2528 v.
1120 2496 1164 2528 c.
1198 2477 1250 2528 6.
1284 2481 1414 2529 inter
1438 2486 1738 2546 praeturam
1770 2488 2087 2545 quaesturam
2136 2508 2197 2517 -
2231 2484 2360 2531 inter
2394 2500 2443 2547 q.

294 2580 340 2614 c.
375 2559 466 2614 19.
501 2563 776 2613 auctionem
811 2563 862 2611 in
899 2561 1251 2628 aequalitatem
1286 2589 1349 2602 --
1386 2564 1663 2613 auctionem
1698 2563 2013 2629 aequalitate.
2083 2583 2124 2614 c.
2157 2562 2247 2613 54.
2292 2567 2447 2614 novis·

293 2645 414 2696 sime
447 2660 526 2695 res
558 2650 607 2696 et
641 2651 857 2696 extremo
892 2673 955 2684 -
989 2645 1241 2696 novissimi
1271 2650 1319 2695 et
1352 2651 1584 2696 extremo.
1621 2662 1664 2696 c.
1698 2643 1789 2697 58.
1854 2644 2182 2712 Britannique
2207 2645 2447 2715 palantes

294 2730 538 2798 mittoque
573 2753 637 2766 --
677 2727 918 2780 Britanni
941 2728 1180 2799 palantes
1214 2729 1474 2797 mixtoque.
1508 2746 1551 2781 c.
1586 2727 1673 2782 59.
1745 2735 1799 2779 ut
1834 2727 2116 2779 Domitiano
2150 2732 2302 2794 moris
2335 2734 2446 2783 erat

295 2837 359 2853 -·-
395 2819 451 2863 ut
483 2812 800 2863 Domitianas
833 2819 959 2867 erat.
995 2829 1038 2863 c.
1071 2811 1165 2863 45.
1231 2819 1320 2862 aat
1355 2812 1570 2862 laetatus
1604 2819 1677 2862 est
1710 2818 1798 2862 aat
1833 2815 1999 2863 statim
2033 2813 2214 2864 oblitas
2259 2821 2333 2865 est
2377 2843 2440 2854 —-

294 2911 342 2944 a.
377 2894 414 2944 1.
447 2911 490 2946 e.
520 2911 570 2945 a.
605 2911 645 2945 s.
679 2911 723 2944 o.
795 2911 839 2944 c.
872 2895 962 2949 45.
1031 2902 1276 2945 momenta
1310 2898 1416 2964 ipsa
1449 2897 1716 2965 deficientis
1750 2924 1810 2934 --
1859 2915 1921 2947 tn.
1966 2897 2016 2946 d.
2085 2915 2129 2948 c.
2173 2897 2265 2949 44.
2344 2915 2444 2968 spe·

293 2981 452 3031 ss‘osae
498 2997 596 3028 non
645 2981 951 3048 eontiqerant
1002 3007 1064 3018 —
1109 2998 1148 3030 s.
1193 2998 1234 3030 e.
1304 2998 1346 3031 c.
1384 2980 1473 3032 45.
1540 2980 1704 3030 oeulos
1754 2997 1867 3031 suos
1926 2982 2160 3049 iussitque
2213 3010 2275 3021 —
2321 2999 2366 3034 ο.
2414 2986 2447 3033 ἰ.
