2687 3487
1314 384 1386 434 {6

263 522 457 570 inanem
494 537 602 569 esse
638 520 935 570 seutentiam
971 521 1023 568 in
1060 537 1206 587 quam
1242 536 1303 567 ex
1338 519 1467 568 iusta
1503 519 1912 586 interpretatione
1947 520 2315 586 compellimur:
2368 529 2417 571 et

263 604 546 654 libertatem
582 604 834 670 accepturi
870 621 970 651 non
991 621 1091 672 quo
1112 620 1230 651 mox
1268 620 1358 650 nos
1393 604 1499 652 eius
1533 603 1800 670 poeniteat.
1869 600 1994 652 nihil
2016 602 2208 654 fructus
2232 621 2293 655 ex
2315 622 2419 671 per·

261 688 522 738 censendis
557 689 707 738 variis
741 688 952 737 aliorum
989 689 1292 738 coniecturis
1328 706 1535 755 quarum
1570 687 1782 735 maxima
1815 705 1930 753 pars
1965 687 2027 735 iis
2049 689 2416 739 annumeranda

259 791 383 841 quas
416 791 571 839 pravo
608 790 745 821 more
780 772 918 823 lusus
954 774 1142 853 ingenii
1176 782 1371 823 vocant.
1441 773 1640 822 innixus
1676 771 1937 820 meliorum
1973 771 2216 820 librorum
2251 781 2414 822 aucto·

259 856 406 908 ritate
441 856 716 924 ductusque
752 857 938 906 indicio
976 875 1122 923 supra
1161 865 1433 906 memorato
1471 854 1706 905 emendo:

494 1024 761 1092 Briqantes
791 1024 987 1092 femina
1021 1027 1145 1075 duce
1182 1055 1243 1063 —
1280 1043 1457 1076 exuere
1502 1028 1669 1092 iuqum
1710 1030 1932 1092 potuere.
2009 1041 2098 1072 nos
2144 1025 2322 1091 integri
2365 1032 2412 1073 et

391 1108 633 1170 indomiti,
667 1116 717 1158 et
752 1109 1030 1158 libertatem
1065 1127 1163 1157 non
1192 1112 1479 1176 praesentia
1514 1109 1649 1157 mala
1685 1107 1862 1169 ulturi,
1889 1111 2056 1175 primo
2089 1109 2257 1174 statim
2307 1123 2414 1156 con·

387 1207 562 1258 gressu
597 1192 912 1240 ostendamus
944 1208 1064 1257 quos
1098 1194 1193 1240 sibi
1226 1191 1503 1241 Caledonia
1536 1193 1668 1239 viros
1702 1193 1986 1258 seposuerit.

356 1355 627 1422 Brigantes
664 1357 978 1405 contumeliis
1013 1360 1262 1405 victorum
1309 1356 1591 1406 exacerbati
1638 1374 1751 1404 suas
1796 1357 2004 1406 iniurias
2050 1356 2207 1405 ultum
2253 1356 2411 1418 ibant,

255 1440 381 1487 iusta
418 1439 616 1507 quidem
651 1439 741 1489 sed
775 1440 894 1507 ipsis
926 1441 1128 1508 propria
1161 1440 1282 1491 belli
1317 1459 1480 1492 causa.
1549 1441 1737 1489 maiora
1789 1439 2175 1507 augustioraque
2218 1450 2412 1491 nostro·

253 1541 362 1573 rum
400 1540 650 1573 armorum
696 1523 852 1574 initia.
948 1523 1195 1575 libertatis
1245 1526 1454 1576 extremi
1504 1525 1707 1592 sanique
1752 1543 1852 1591 quo
1903 1523 2086 1572 colitur
2134 1525 2411 1591 incorrupti

252 1606 437 1656 alumni
471 1606 535 1656 ad
572 1608 726 1675 ipsius
763 1609 1063 1658 sanctissimi
1100 1609 1315 1659 numinis
1350 1609 1589 1659 ultionem
1635 1608 1953 1676 accingimur.
2045 1625 2198 1676 quare
2247 1608 2406 1674 primo

251 1691 416 1740 statim
454 1709 727 1761 congressu
763 1709 854 1741 nos
903 1700 1132 1761 suscepto
1182 1694 1383 1762 negotio
1429 1710 1572 1760 pares
1623 1692 1902 1761 dignosque
1964 1691 2086 1742 deae
2131 1692 2406 1742 ministerio

253 1775 587 1824 ostendamus.
655 1778 731 1824 vis
768 1795 825 1825 ac
860 1778 1047 1826 veritas
1084 1778 1483 1843 concinnitasque
1520 1777 1797 1825 sententiae
1833 1776 2091 1824 emendata
2128 1775 2280 1824 verba
2311 1777 2407 1824 Ta-

249 1858 349 1906 cito
385 1857 655 1907 vindicant.
722 1860 850 1907 levia
886 1877 1004 1923 prae
1040 1859 1186 1908 huius
1221 1861 1498 1924 argumenti
1532 1860 1752 1924 pondere
1789 1875 1914 1923 quae
1950 1859 2151 1923 insuper
2185 1858 2249 1904 ad
2283 1875 2410 1906 com-

248 1939 517 2006 parandam
552 1941 701 1991 fldem
739 1961 797 1992 ex
833 1943 1095 2007 scriptoris
1141 1961 1232 1992 usu
1270 1943 1613 2009 librorumque
1649 1942 1822 1991 habitu
1857 1942 2034 1990 afferre
2085 1943 2138 1989 in
2176 1950 2407 2007 promptu

253 2032 342 2073 est.
414 2024 597 2073 etenim
634 2026 769 2073 mala
807 2025 867 2073 de
903 2026 1140 2074 servitute
1177 2026 1346 2074 tritum
1380 2025 1604 2074 verbum.
1688 2043 1807 2073 usus
1842 2030 1919 2073 est
1964 2024 2171 2085 Tacitus
2217 2024 2269 2072 in
2317 2016 2410 2073 hac

255 2109 360 2174 ipsa
396 2108 693 2175 Brigantum
748 2107 1026 2157 defectione
1079 2127 1120 2158 c.
1159 2108 1258 2159 15:
1311 2109 1548 2158 Britanni
1580 2111 1772 2177 aqitare
1806 2111 1936 2158 inter
1979 2125 2030 2157 se
2083 2107 2220 2157 mala
2265 2110 2412 2157 cervi·

251 2193 389 2252 tutis,
424 2189 652 2256 conferre
687 2193 895 2240 iniurias
929 2199 977 2240 et
1011 2194 1382 2261 interpretando
1417 2195 1698 2243 accendere.
1751 2201 1800 2242 et
1818 2192 1998 2242 Civilis
2021 2191 2152 2258 apud
2167 2192 2412 2257 primores

253 2275 560 2323 Batavorum
596 2275 667 2323 H.
701 2274 757 2335 4,
801 2275 892 2324 ¹4:
927 2277 1138 2324 iniurias
1173 2284 1219 2326 et
1255 2285 1430 2346 raptus
1464 2285 1513 2327 et
1548 2265 1712 2326 ceteri
1744 2277 1934 2325 servitii
1968 2276 2105 2324 mala
2138 2283 2413 2327 enumerat.

254 2357 385 2407 idem
421 2358 682 2407 Gallorum
736 2360 960 2409 civitates
1030 2359 1103 2410 Η.
1144 2361 1198 2425 4,
1234 2362 1331 2411 17:
1366 2363 1563 2410 secretis
1597 2362 1899 2409 sermonibus
1930 2360 2228 2409 admonebat
2261 2359 2415 2408 unala-

254 2460 366 2490 rum
417 2459 543 2508 quae
595 2449 665 2488 tot
713 2445 858 2489 annis
899 2446 1122 2511 perpessi
1165 2447 1395 2492 :atheram
1440 2445 1725 2492 servitutem
1765 2442 1902 2509 salso
1939 2459 2117 2510 pacem
2165 2449 2414 2491 vocare-t.

245 2527 538 2592 praesentia
574 2534 732 2572 autem
770 2526 907 2573 mala
941 2535 997 2575 ut
1026 2531 1312 2593 praesentia
1346 2530 1471 2575 bona
1507 2545 1549 2575 c.
1586 2527 1651 2574 5.·
1686 2543 1784 2574 non
1819 2535 1984 2574 tamen
1991 2527 2181 2592 pigebit
2203 2552 2262 2561 —·
2285 2527 2414 2573 testi-

258 2611 474 2658 monium
500 2611 842 2676 praesentium
876 2611 1114 2659 bonorum
1151 2614 1493 2677 composuisse.
1564 2619 1681 2660 sunt
1714 2629 1771 2658 ea
1795 2609 1976 2674 quibus
2010 2610 2210 2657 utimur.
2245 2609 2309 2656 ct’.
2344 2609 2413 2657 E.

261 2690 316 2758 1,
355 2690 450 2742 72:
486 2694 602 2760 quia
632 2692 878 2764 pessimus
904 2694 1132 2759 quisque,
1166 2693 1446 2760 diffidentia
1474 2695 1812 2760 praesentium
1848 2685 2166 2743 mutationem
2206 2708 2416 2758 pavens,

257 2776 496 2827 adversus
526 2775 784 2844 publicum
819 2776 984 2825 odium
1012 2778 1269 2846 privatam
1302 2779 1517 2845 qratiam
1545 2783 1842 2846 praeparat.
1927 2776 1998 2829 Η.
2038 2775 2088 2842 Ι,
2141 2774 2239 2827 78:
2283 2776 2419 2827 inter

256 2875 383 2927 quae
418 2862 705 2908 necestitate
733 2860 1072 2928 praesentium
1107 2878 1274 2909 rerum
1309 2868 1356 2911 et
1399 2862 1694 2912 instantibus
1731 2863 1869 2913 curis
1920 2867 2153 2914 exemia
2207 2886 2267 2899 —-·
2320 2865 2420 2911 tta.

256 2951 366 2991 tuas
401 2942 668 3010 Poppaeae
695 2960 792 3011 per
825 2949 1026 2992 senatus
1060 2944 1336 2994 consultum
1381 2948 1613 3013 reposuit.
1694 2945 1903 2995 finitima
1949 2944 2038 2995 sod
2072 2962 2175 2995 non
2209 2959 2418 3010 prorsum

258 3027 426 3075 eadem
465 3035 580 3076 sunt
613 3030 850 3079 instantia
886 3028 1039 3078 mata.
1112 3027 1234 3078 haec
1269 3030 1459 3080 scilicet
1492 3030 1750 3080 imminent
1785 3040 1972 3080 etcum
1997 3029 2206 3078 maxime
2224 3035 2420 3094 urgent.
