2687 3487
1309 417 1379 469 15

253 572 280 603 a
316 570 557 605 consensu
596 551 902 620 reliquorum
939 551 1181 601 librorum
1229 553 1364 601 solus
1411 550 1684 600 Vaticanus
1731 548 1899 601 5429.
1944 552 2061 601 abit.
2140 552 2222 601 bic
2271 552 2399 601 enim

251 637 423 686 habet:
468 644 517 686 et
569 638 845 686 libertatem
892 654 989 684 non
1038 639 1089 684 ἰιι
1133 638 1486 704 poenitentiam
1532 637 1689 684 laturi
1728 641 1891 705 primo
1939 639 2108 684 statim
2159 654 2400 688 concursu

249 723 575 771 ostendamus.
645 721 804 768 deleta
858 723 908 767 in
953 727 1002 767 et
1037 721 1165 767 uude
1199 729 1254 768 ut
1289 720 1484 768 turbida
1522 729 1571 768 et
1594 721 1889 786 importuna,
1918 723 2204 788 praesentia
2236 731 2397 770 autem

251 806 303 856 in
335 805 686 873 speciosiorem
718 806 1072 874 poeniteutiam
1108 804 1380 868 immutata,
1417 815 1585 871 aperta
1622 808 1922 855 correctoris
1960 825 2106 855 manu
2142 824 2268 872 quae
2304 806 2397 871 ple-

251 889 418 956 risque
453 888 579 938 locis
614 888 743 937 hunc
778 888 957 936 librum
996 889 1386 938 commaculavit.
1457 898 1671 938 attamen
1707 899 1847 957 capta
1884 891 2271 957 compositarum
2307 898 2402 938 tur-

250 973 422 1021 barum
470 973 683 1039 imagine
720 973 1026 1038 quorundam
1064 973 1357 1034 credulitas,
1393 973 1726 1039 incuriosique
1763 975 1918 1023 famae
1966 992 2081 1022 suae
2129 974 2401 1039 Calg‘acum

250 1057 532 1124 loquentem
571 1057 780 1124 faciunt:
818 1075 908 1105 uos
942 1075 1142 1123 semper
1183 1058 1409 1104 libertate
1446 1059 1522 1103 usi
1554 1064 1601 1105 et
1636 1074 1741 1103 eam
1790 1060 1881 1107 hac
1917 1078 2089 1125 pugna
2137 1061 2401 1124 accepturi.

251 1157 409 1208 neque
445 1140 764 1205 corriguntur
799 1138 1012 1205 ineptiae
1047 1156 1135 1205 per
1171 1138 1388 1187 additum
1424 1156 1521 1187 non
1543 1156 1669 1187 noune
1694 1140 1909 1202 demum,
1948 1159 2049 1207 quo
2075 1143 2255 1207 effugio
2281 1159 2398 1190 usus

251 1232 327 1275 est
358 1224 577 1289 Lipsius,
611 1221 764 1271 verba
800 1240 895 1271 nou
915 1225 964 1271 ἰη
981 1225 1316 1290 praesentiam
1353 1224 1402 1270 in
1433 1222 1561 1271 bunc
1583 1241 1777 1271 sensum
1799 1224 2164 1289 interpretatus,
2211 1224 2399 1272 adscita

250 1311 548 1375 poenitentia
594 1325 748 1355 novas
804 1307 1057 1354 molestias
1105 1308 1250 1371 parit,
1298 1306 1420 1353 adeo
1471 1308 1663 1370 priores
1716 1326 1815 1354 nou
1861 1309 2006 1356 levat.
2092 1307 2212 1374 quid
2257 1316 2395 1355 vetus

248 1391 595 1459 grammaticus
631 1391 729 1438 sibi
764 1390 977 1439 voluerit
1012 1389 1213 1438 difficile
1251 1397 1325 1438 est
1361 1390 1677 1453 coniectatu,
1715 1391 1905 1440 incerto
1953 1411 2052 1459 quo
2101 1409 2246 1439 sensu
2295 1408 2396 1438 ver·

248 1474 364 1524 bum
408 1475 568 1523 laturi
616 1475 875 1541 acceperit.
966 1474 1208 1541 cogitasse
1257 1481 1417 1522 autem
1467 1474 1664 1523 videtui·
1712 1476 1772 1524 de
1820 1476 2050 1524 socordia
2098 1476 2396 1541 Brigantum

248 1558 647 1625 poenitentiaque
683 1558 746 1606 ab
783 1559 902 1623 ipsis
938 1546 1063 1607 acta.
1133 1559 1434 1608 recentiores
1471 1561 1821 1625 poenitentiam
1859 1560 1921 1607 ad
1955 1558 2233 1607 libertatem
2256 1559 2394 1623 prius

250 1643 474 1690 amissam
512 1642 715 1690 trahunt
750 1643 1259 1709 interpretanturque:
1297 1660 1394 1690 uon
1429 1650 1665 1709 tauquam
1701 1646 1830 1710 ipsos
1848 1646 2122 1711 poeniteret
2152 1638 2395 1690 libertatis

243 1728 386 1792 prius
419 1728 630 1773 amissae
664 1728 808 1774 sicuti
840 1726 1120 1794 Brigantes.
1191 1735 1241 1774 at
1278 1728 1363 1793 qui
1396 1726 1673 1774 libertatem
1707 1712 1805 1775 non
1842 1728 2013 1776 tuituri
2034 1737 2117 1774 aut
2135 1713 2399 1789 servaturi,

243 1809 331 1862 sed
366 1827 476 1858 cum
511 1809 720 1858 maxime
756 1810 1008 1875 accepturi
1044 1817 1174 1874 sunt,
1212 1828 1267 1859 ea
1304 1808 1510 1858 antebac
1547 1828 1647 1858 non
1683 1811 1759 1859 usi
1795 1811 1894 1859 sint
1912 1828 2111 1859 neccsse
2130 1819 2221 1859 est.
2273 1828 2394 1876 ergo

244 1893 540 1957 servierunt,
579 1910 699 1962 ergo
732 1892 917 1942 habent
953 1894 1285 1959 poeniteutiae
1320 1895 1592 1944 materiam.
1663 1895 1726 1943 cf.
1756 1895 1808 1942 H
1829 1894 1881 1958 5,
1911 1894 2008 1943 19:
2034 1896 2209 1960 quodsi
2234 1894 2393 1942 lucem

242 1980 586 2045 opperiantur,-
619 1981 719 2033 iam
746 1995 943 2044 pacem,
979 1981 1077 2025 iam
1108 1994 1279 2045 preces
1315 1984 1361 2025 ct
1392 1995 1486 2044 pro
1534 1979 1703 2025 labore
1752 1996 1811 2026 ae
1863 1979 2140 2026 volneribus
2192 1977 2396 2024 clemen·

242 2063 363 2109 tiam
398 2068 446 2110 et
477 2062 708 2126 gloriam,
743 2063 932 2122 inania,
968 2062 1173 2109 laturos.
1244 2060 1421 2107 deinde
1457 2060 1577 2126 quid
1626 2060 1745 2108 haec
1792 2062 2023 2109 vacuitas„
2056 2060 2390 2124 poenitentiae

243 2143 305 2192 ad
340 2161 577 2192 summam
612 2143 972 2193 exhortationis
1007 2143 1165 2209 prosit
1201 2142 1402 2192 omnino
1439 2160 1539 2190 non
1576 2161 1829 2209 assequor.
1898 2162 2009 2191 nam
2060 2142 2195 2208 quod
2247 2141 2392 2190 vacui

242 2227 547 2293 poenitentia
582 2227 867 2292 accipimus,
902 2227 952 2274 id
985 2226 1118 2296 {aeto
1152 2224 1292 2274 vultu
1327 2226 1691 2294 tranquillaque
1714 2234 1877 2274 mente
1909 2228 1958 2274 in
1989 2243 2130 2273 usum
2161 2233 2390 2272 nostrum

244 2308 603 2373 convertimuS,
639 2327 799 2376 neque
835 2328 954 2360 vero
992 2308 1269 2359 acrioribus
1304 2309 1514 2358 stimulis
1549 2309 1611 2358 ad
1647 2309 1697 2358 id
1732 2309 2090 2375 impetrandum
2110 2308 2391 2357 incitamur.

242 2476 514 2526 sententiae
560 2484 806 2525 auctores.
905 2477 1083 2542 quippe
1136 2476 1222 2544 qui
1257 2476 1579 2543 neglexerunt
1625 2477 1724 2525 vim
1769 2475 2153 2543 praepositionis
2197 2477 2249 2522 ἱιι
2291 2489 2387 2539 qua

242 2560 356 2609 finis
392 2567 441 2608 et
476 2559 736 2610 consilium
772 2560 1097 2628 significatur.
1169 2559 1232 2610 cf.
1266 2560 1335 2608 H.
1376 2560 1427 2622 i,
1463 2559 1569 2609 89:
1604 2579 1722 2609 nam
1756 2578 1817 2610 ex
1844 2577 1939 2627 quo
1966 2561 2112 2609 divus
2133 2556 2387 2623 Augustus

241 2658 320 2691 res
356 2640 629 2691 Caesarum
662 2646 949 2710 composuit,
977 2643 1159 2711 procul
1190 2648 1238 2692 et
1271 2644 1323 2690 iu
1357 2645 1501 2691 unius
1534 2643 1913 2692 sollicitudinem
1946 2649 2036 2690 aut
2065 2643 2211 2689 decus
2230 2655 2389 2706 popu-

241 2724 322 2773 las
361 2724 612 2774 Romanus
645 2726 938 2776 bellaverunt.
1006 2725 1077 2776 fl.
1113 2725 1166 2776 4.
1199 2725 1299 2776 42:
1341 2733 1514 2793 sponte
1558 2727 1917 2776 accusationem
1964 2725 2145 2772 subisse
2195 2725 2389 2774 iuvenis

241 2808 523 2872 admodum,
555 2826 642 2858 uec
676 2809 960 2876 depellendi
985 2810 1204 2876 periculi
1235 2811 1322 2860 sed
1354 2812 1406 2857 ιίι
1440 2826 1573 2876 spem
1599 2811 1853 2876 potentiae
1887 2808 2158 2856 videbatur.
2227 2804 2386 2854 libido

241 2898 402 2939 autem
439 2889 560 2940 haec
595 2891 731 2958 quod
766 2891 829 2939 ad
874 2892 1228 2958 poenitentiam
1280 2894 1533 2941 servitium
1579 2892 1696 2940 olim
1739 2892 2013 2957 impositum
2066 2887 2387 2952 subaudiunt,

243 2971 375 3022 nulla
410 2972 773 3025 subauditionis
809 2974 1142 3026 excusatione.
1222 2976 1574 3043 poenitentiam
1610 2974 1715 3024 voti
1753 2980 2082 3040 acceptaeque
2118 2971 2385 3038 libertatis,

243 3073 344 3106 non
378 3058 516 3124 prius
562 3059 772 3108 amissae
819 3058 1188 3125 intelligendam
1227 3077 1336 3110 esse
1386 3059 1546 3125 quivis
1587 3057 1750 3106 sentit.
1821 3072 1912 3106 nec
1947 3057 2112 3105 minus
2147 3065 2389 3123 apertum,
